@techreport{LHCB,
      author        = "Adeva, B. and others",
      title         = "{Road map for selected key measurements from LHCb}",
      institution   = "CERN",
      collaboration = "LHCb Collaboration",
      address       = "Geneva",
      number        = "LHCb-PUB-2009-029. CERN-LHCb-PUB-2009-029",
      month         = "May",
      year          = "2010",
      reportNumber  = "LHCb-PUB-2009-029",
      url           = "https://cds.cern.ch/record/1224241",
      note          = "Comments: 379 pages",
}
@article{ALICE,
  author={The ALICE Collaboration and others},
  title="{The ALICE experiment at the CERN LHC}",
  journal={Journal of Instrumentation},
  volume={3},
  number={08},
  pages={S08002},
  url={http://stacks.iop.org/1748-0221/3/i=08/a=S08002},
  year={2008},
}
@unpublished{lhc_fig,
      author        = "Lefèvre, C.",
      title         = "{The CERN accelerator complex. Complexe des
                       accélérateurs du CERN}",
      month         = "Dec",
      year          = "2008",
      reportNumber  = "CERN-DI-0812015",
      url           = "https://cds.cern.ch/record/1260465",
}
@article{lhc_machine,
      author        = "Evans, L. R. and Bryant, P.",
      title         = "{LHC Machine}",
      journal       = "J. Instrum.",
      volume        = "3",
      pages         = "S08001. 164 p",
      year          = "2008",
      url           = "http://cds.cern.ch/record/1129806",
      note          = "This report is an abridged version of the LHC Design
                       Report (CERN-2004-003)",
}
@online{cms_slice,
	title	    = "{Interactive Slice of the CMS detector}",
	year	    = 2010,
	url	    = "https:://cms-docdb.cern.ch/cgi-bin/PublicDocDB/RetrieveFile?docid=4172&filename=CMS_Slice.gif&version=2",
 	urldate     = {2016-11-11}
}
@techreport{tevatron,
      title         = "{Design Report Tevatron 1 project}",
      number        = "FERMILAB-DESIGN-1984-01",
      year          = "1984",
      reportNumber  = "FERMILAB-DESIGN-1984-01",
      url           = "https://cds.cern.ch/record/1478620",
}
@book{cms_design,
      author        = "Bayatian, G. L. and others",
      title         = "{CMS Physics: Technical Design Report Volume 1: Detector
                       Performance and Software}",
      publisher     = "CERN",
      collaboration = "CMS Collaboration",
      address       = "Geneva",
      series        = "Technical Design Report CMS",
      year          = "2006",
      url           = "http://cds.cern.ch/record/922757",
      note          = "There is an error on cover due to a technical problem for
                       some items",
}
