@article{numassesSMP,
  title = "{Neutrino masses, mixings, and oscillations in SU(2)\ifmmode\times\else\texttimes\fi{}U(1) models of electroweak interactions}",
  author = {Cheng, T. P. and Li, Ling-Fong},
  journal = {Phys. Rev. D},
  volume = {22},
  issue = {11},
  pages = {2860--2868},
  numpages = {0},
  year = {1980},
  month = {dec},
  publisher = {American Physical Society},
  doi = {10.1103/PhysRevD.22.2860},
  url = {http://link.aps.org/doi/10.1103/PhysRevD.22.2860}
}
@article{nu_majorana,
  title = "{Baryon- and Lepton-Nonconserving Processes}",
  author = {Weinberg, S.},
  journal = {Phys. Rev. Lett.},
  volume = {43},
  issue = {21},
  pages = {1566--1570},
  numpages = {0},
  year = {1979},
  month = {nov},
  publisher = {American Physical Society},
  doi = {10.1103/PhysRevLett.43.1566},
  url = {http://link.aps.org/doi/10.1103/PhysRevLett.43.1566}
}
@article{numasses2,
      author         = "Spergel, D. N. and others",
      title          = "{First year Wilkinson Microwave Anisotropy Probe (WMAP)
                        observations: Determination of cosmological parameters}",
      collaboration  = "WMAP",
      journal        = "ApJ Suppl.",
      volume         = "148",
      year           = "2003",
      pages          = "175-194",
      doi            = "10.1086/377226",
      eprint         = "astro-ph/0302209",
      archivePrefix  = "arXiv",
      primaryClass   = "astro-ph",
      SLACcitation   = "%%CITATION = ASTRO-PH/0302209;%%"
}
@Article{numasses1,
author="Kraus, Ch. and others",
title="{Final results from phase II of the Mainz neutrino mass search in tritium $\beta$ decay}",
journal="The European Physical Journal C - Particles and Fields",
year="2005",
volume="40",
number="4",
pages="447--468",
doi="10.1140/epjc/s2005-02139-7",
url="http://dx.doi.org/10.1140/epjc/s2005-02139-7"
}
@article{nuoszi1,
  author={Cleveland, B. T. and others},
  title="{Measurement of the Solar Electron Neutrino Flux with the Homestake Chlorine Detector}",
  journal={ApJ},
  volume={496},
  number={1},
  pages={505},
  url={http://stacks.iop.org/0004-637X/496/i=1/a=505},
  year={1998},
}
@article{nuoszi2,
  title = "{Indications of Neutrino Oscillation in a 250 km Long-Baseline Experiment}",
  author = {Ahn, M. H. and others},
  journal = {Phys. Rev. Lett.},
  volume = {90},
  issue = {4},
  pages = {041801},
  numpages = {5},
  year = {2003},
  month = {Jan},
  publisher = {American Physical Society},
  doi = {10.1103/PhysRevLett.90.041801},
  url = {http://link.aps.org/doi/10.1103/PhysRevLett.90.041801}
}
@article{nuoszi3,
  title = "{Evidence for Oscillation of Atmospheric Neutrinos}",
  author = {Fukuda, Y. and others},
  collaboration = {Super-Kamiokande Collaboration},
  journal = {Phys. Rev. Lett.},
  volume = {81},
  issue = {8},
  pages = {1562--1567},
  numpages = {0},
  year = {1998},
  month = {Aug},
  publisher = {American Physical Society},
  doi = {10.1103/PhysRevLett.81.1562},
  url = {http://link.aps.org/doi/10.1103/PhysRevLett.81.1562}
}
@article{nuoszi4,
  title = "{Direct Evidence for Neutrino Flavor Transformation from Neutral-Current Interactions in the Sudbury Neutrino Observatory}",
  author = {Ahmad, Q. R. and others},
  collaboration = {SNO Collaboration},
  journal = {Phys. Rev. Lett.},
  volume = {89},
  issue = {1},
  pages = {011301},
  numpages = {6},
  year = {2002},
  month = {Jun},
  publisher = {American Physical Society},
  doi = {10.1103/PhysRevLett.89.011301},
  url = {http://link.aps.org/doi/10.1103/PhysRevLett.89.011301}
}
@article{tgc_lagrangian,
title = "{Probing the weak boson sector in e+e−→W+W−}",
journal = "Nuclear Physics B",
volume = "282",
number = "",
pages = "253 - 307",
year = "1987",
note = "",
doi = "http://dx.doi.org/10.1016/0550-3213(87)90685-7",
url = "http://www.sciencedirect.com/science/article/pii/0550321387906857",
author = "Hagiwara, K. and Peccei, R.D. and Zeppenfeld, D. and Hikasa, K.",
}
@article{pauli,
  title = "{The Connection Between Spin and Statistics}",
  author = {Pauli, W.},
  journal = {Phys. Rev.},
  volume = {58},
  issue = {8},
  pages = {716--722},
  numpages = {0},
  year = {1940},
  month = {oct},
  publisher = {American Physical Society},
  doi = {10.1103/PhysRev.58.716},
  url = {http://link.aps.org/doi/10.1103/PhysRev.58.716}
}
@article{SMmasses,
      author         = "Patrignani, C.",
      title          = "{Review of Particle Physics}",
      journal        = "Chin. Phys.",
      volume         = "C40",
      year           = "2016",
      number         = "10",
      pages          = "100001",
      doi            = "10.1088/1674-1137/40/10/100001",
      SLACcitation   = "%%CITATION = CHPHD,C40,100001;%%"
}
@article{cms_higgsdiscov,
      author         = "Chatrchyan, S. and others",
      title          = "{Observation of a new boson at a mass of 125 GeV with the
                        CMS experiment at the LHC}",
      collaboration  = "CMS",
      journal        = "Phys. Lett.",
      volume         = "B716",
      year           = "2012",
      pages          = "30-61",
      doi            = "10.1016/j.physletb.2012.08.021",
      eprint         = "1207.7235",
      archivePrefix  = "arXiv",
      primaryClass   = "hep-ex",
      reportNumber   = "CMS-HIG-12-028, CERN-PH-EP-2012-220",
      SLACcitation   = "%%CITATION = ARXIV:1207.7235;%%"
}
@article{atlas_higgsdiscov,
      author         = "Aad, G. and others",
      title          = "{Observation of a new particle in the search for the
                        Standard Model Higgs boson with the ATLAS detector at the
                        LHC}",
      collaboration  = "ATLAS",
      journal        = "Phys. Lett.",
      volume         = "B716",
      year           = "2012",
      pages          = "1-29",
      doi            = "10.1016/j.physletb.2012.08.020",
      eprint         = "1207.7214",
      archivePrefix  = "arXiv",
      primaryClass   = "hep-ex",
      reportNumber   = "CERN-PH-EP-2012-218",
      SLACcitation   = "%%CITATION = ARXIV:1207.7214;%%"
}
@article{EFT,
title = "{Effective field theory: A modern approach to anomalous couplings}",
journal = "Annals of Physics",
volume = "335",
number = "",
pages = "21 - 32",
year = "2013",
note = "",
doi = "http://dx.doi.org/10.1016/j.aop.2013.04.016",
url = "http://www.sciencedirect.com/science/article/pii/S0003491613000894",
author = "Degrande, C. and others"
}
@article{EFTparam,
  title = "{Low energy effects of new interactions in the electroweak boson sector}",
  author = {Hagiwara, K. and others},
  journal = {Phys. Rev. D},
  volume = {48},
  issue = {5},
  pages = {2182--2203},
  numpages = {0},
  year = {1993},
  month = {Sep},
  publisher = {American Physical Society},
  doi = {10.1103/PhysRevD.48.2182},
  url = {http://link.aps.org/doi/10.1103/PhysRevD.48.2182}
}
@ARTICLE{rotcurves,
   author = {{Rubin}, V.~C. and {Ford}, Jr., W.~K.},
    title = "{Rotation of the Andromeda Nebula from a Spectroscopic Survey of Emission Regions}",
  journal = {ApJ},
     year = 1970,
    month = feb,
   volume = 159,
    pages = {379},
      doi = {10.1086/150317},
   adsurl = {http://adsabs.harvard.edu/abs/1970ApJ...159..379R},
  adsnote = {Provided by the SAO/NASA Astrophysics Data System}
}
@ARTICLE{rotcurvesfig,
   author = {{Begeman}, K.~G. and {Broeils}, A.~H. and {Sanders}, R.~H.},
    title = "{Extended rotation curves of spiral galaxies - Dark haloes and modified dynamics}",
  journal = {MNRAS},
 keywords = {Galactic Mass, Galactic Rotation, Mass To Light Ratios, Spiral Galaxies, Dwarf Galaxies, Galactic Structure, Halos},
     year = 1991,
    month = apr,
   volume = 249,
    pages = {523-537},
      doi = {10.1093/mnras/249.3.523},
   adsurl = {http://adsabs.harvard.edu/abs/1991MNRAS.249..523B},
  adsnote = {Provided by the SAO/NASA Astrophysics Data System}
}
@article{noether,
author = {Noether, E.},
journal = {Nachrichten von der Gesellschaft der Wissenschaften zu Göttingen, Mathematisch-Physikalische Klasse},
pages = {235-257},
title = "{Invariante Variationsprobleme}",
url = {http://eudml.org/doc/59024},
volume = {1918},
year = {1918},
}
@book{peskin,
   title = "{An introduction to quantum field theory}",
   author = "Peskin, M. E. and Schroeder, D. V.",
   series = "Advanced book program",
   publisher = "Westview Press Reading (Mass.)",
   address = "Boulder (Colo.)",
   url = "http://opac.inria.fr/record=b1131978",
   isbn = "0-201-50936-2",
   note = "Autre tirage : 1997",
   year = 1995
}
@book{mandl,
  title="{Quantum Field Theory}",
  author={Mandl, F. and Shaw, G.},
  isbn={9780471496830},
  lccn={2010000255},
  series={A Wiley-Interscience publication},
  url={https://books.google.de/books?id=Ef4zDW1V2LkC},
  year={2010},
  publisher={John Wiley \& Sons}
}
@book{povh,
  title="{Teilchen und Kerne. Eine Einf{\"u}hrung in die physikalischen Konzepte.}",
  author={Povh, B. and others},
  isbn={978-3-642-37821-8},
  series={Physics and astronomy online library},
  url={https://books.google.de/books?id=PIw0leNupPoC},
  year={2004},
  publisher={Springer}
}
@article{HIGGS,
      author         = "Djouadi, A.",
      title          = "{The Anatomy of electro-weak symmetry breaking. I: The
                        Higgs boson in the standard model}",
      journal        = "Phys. Rept.",
      volume         = "457",
      year           = "2008",
      pages          = "1-216",
      doi            = "10.1016/j.physrep.2007.10.004",
      eprint         = "hep-ph/0503172",
      archivePrefix  = "arXiv",
      primaryClass   = "hep-ph",
      reportNumber   = "LPT-ORSAY-05-17",
      SLACcitation   = "%%CITATION = HEP-PH/0503172;%%"
}
@article{wu,
  title = "{Experimental Test of Parity Conservation in Beta Decay}",
  author = {Wu, C. S. and others},
  journal = {Phys. Rev.},
  volume = {105},
  issue = {4},
  pages = {1413--1415},
  numpages = {0},
  year = {1957},
  month = {Feb},
  publisher = {American Physical Society},
  doi = {10.1103/PhysRev.105.1413},
  url = {http://link.aps.org/doi/10.1103/PhysRev.105.1413}
}
@article{CP,
  title = "{Evidence for the $2\ensuremath{\pi}$ Decay of the $K_{2}^{0}$ Meson}",
  author = {Christenson, J. H. and others},
  journal = {Phys. Rev. Lett.},
  volume = {13},
  issue = {4},
  pages = {138--140},
  numpages = {0},
  year = {1964},
  month = {Jul},
  publisher = {American Physical Society},
  doi = {10.1103/PhysRevLett.13.138},
  url = {http://link.aps.org/doi/10.1103/PhysRevLett.13.138}
}
@article{sakharov,
  author={Sakharov, A. D.},
  title="{Violation of CP invariance, C asymmetry, and baryon asymmetry of the universe}",
  journal={Soviet Physics Uspekhi},
  volume={34},
  number={5},
  pages={392},
  url={http://stacks.iop.org/0038-5670/34/i=5/a=A08},
  year={1991},
  abstract={}
}
@article{higgsmech,
  title = "{Broken Symmetry and the Mass of Gauge Vector Mesons}",
  author = {Englert, F. and Brout, R.},
  journal = {Phys. Rev. Lett.},
  volume = {13},
  issue = {9},
  pages = {321--323},
  numpages = {0},
  year = {1964},
  month = {Aug},
  publisher = {American Physical Society},
  doi = {10.1103/PhysRevLett.13.321},
  url = {http://link.aps.org/doi/10.1103/PhysRevLett.13.321}
}
@inproceedings{higgspot,
      author         = "de Boer, W.",
      title          = "{The Discovery of the Higgs Boson with the CMS Detector
                        and its Implications for Supersymmetry and Cosmology}",
      booktitle      = "{Time and Matter 2013 (TAM2013) Venice, Italy}",
      collaboration  = "CMS",
      url            = "https://inspirehep.net/record/1252561/files/arXiv:1309.0721.pdf",
      year           = "2013",
      eprint         = "1309.0721",
      archivePrefix  = "arXiv",
      primaryClass   = "hep-ph",
      SLACcitation   = "%%CITATION = ARXIV:1309.0721;%%"
}
@article{xdimensions,
      author         = "Oliveira, Alexandra",
      title          = "{Gravity particles from Warped Extra Dimensions,
                        predictions for LHC}",
      year           = "2014",
      eprint         = "1404.0102",
      archivePrefix  = "arXiv",
      primaryClass   = "hep-ph",
      SLACcitation   = "%%CITATION = ARXIV:1404.0102;%%"
}
@article{sterilenu,
  title = "{Sterile neutrinos as dark matter}",
  author = {Dodelson, Scott and Widrow, Lawrence M.},
  journal = {Phys. Rev. Lett.},
  volume = {72},
  issue = {1},
  pages = {17--20},
  numpages = {0},
  year = {1994},
  month = {Jan},
  publisher = {American Physical Society},
  doi = {10.1103/PhysRevLett.72.17},
  url = {http://link.aps.org/doi/10.1103/PhysRevLett.72.17}
}
