@TECHREPORT{resonancepas,
      AUTHOR      = "{CMS Collaboration}",
      COLLABORATION = "{CMS}",
      TITLE       = "Search for massive resonances decaying into pairs of boosted W and Z bosons at $\sqrt{s} =$ 13 TeV",
      URL         = "https://cds.cern.ch/record/2117062",
      TYPE     = "CMS Physics Analysis Summary",
      NUMBER      = "CMS-PAS-EXO-15-002",
      YEAR        = "2015"
}
@TECHREPORT{WWxsec,
      AUTHOR      = "{CMS Collaboration}",
      COLLABORATION = "{CMS}",
      TITLE       = "Measurement of the W$^+$W$^-$ cross section in pp collisions at $\sqrt{s} =$ 13 TeV",
      URL         = "https://cds.cern.ch/record/2160868",
      TYPE     = "CMS Physics Analysis Summary",
      NUMBER      = "CMS-PAS-SMP-16-006",
      YEAR        = "2016"
}
@TECHREPORT{WZxsec,
      AUTHOR      = "{CMS Collaboration}",
      COLLABORATION = "{CMS}",
      TITLE       = "Measurement of the WZ production cross section in pp collisions at $\sqrt{s} =$ 13 TeV",
      URL         = "https://cds.cern.ch/record/2144880",
      TYPE     = "CMS Physics Analysis Summary",
      NUMBER      = "CMS-PAS-SMP-16-002",
      YEAR        = "2016"
}
