@TECHREPORT{resonancepas,
      AUTHOR      = "{CMS Collaboration}",
      COLLABORATION = "{CMS}",
      TITLE       = "{Search for massive resonances decaying into pairs of boosted W and Z bosons at $\sqrt{s} =$ 13 TeV}",
      URL         = "https://cds.cern.ch/record/2117062",
      TYPE     = "CMS Physics Analysis Summary",
      NUMBER      = "CMS-PAS-EXO-15-002",
      YEAR        = "2015"
}
@techreport{PAS,
      title         = "{Search for anomalous couplings in semileptonic WW and WZ decays at sqrt(s) = 13 TeV}",
      institution   = "CERN",
      AUTHOR        = "CMS Collaboration",
      address       = "Geneva",
      number        = "CMS-PAS-SMP-16-012",
      year          = "2016",
      reportNumber  = "CMS-PAS-SMP-16-012",
      url           = "http://cds.cern.ch/record/2209148",
}
@TECHREPORT{WWxsec,
      AUTHOR      = "{CMS Collaboration}",
      COLLABORATION = "{CMS}",
      TITLE       = "{Measurement of the W$^+$W$^-$ cross section in pp collisions at $\sqrt{s} =$ 13 TeV}",
      URL         = "https://cds.cern.ch/record/2160868",
      TYPE     = "CMS Physics Analysis Summary",
      NUMBER      = "CMS-PAS-SMP-16-006",
      YEAR        = "2016"
}
@TECHREPORT{WZxsec,
      AUTHOR      = "{CMS Collaboration}",
      COLLABORATION = "{CMS}",
      TITLE       = "{Measurement of the WZ production cross section in pp collisions at $\sqrt{s} =$ 13 TeV}",
      URL         = "https://cds.cern.ch/record/2144880",
      TYPE     = "CMS Physics Analysis Summary",
      NUMBER      = "CMS-PAS-SMP-16-002",
      YEAR        = "2016"
}
@article{aTGC1,
      author         = "Chatrchyan, S. and others",
      title          = "{Measurement of the $W^+W^-$ Cross section in $pp$
                        Collisions at $\sqrt{s} = 7$ TeV and Limits on Anomalous
                        $WW\gamma$ and $WWZ$ couplings}",
      collaboration  = "CMS",
      journal        = "Eur. Phys. J.",
      volume         = "C73",
      year           = "2013",
      number         = "10",
      pages          = "2610",
      doi            = "10.1140/epjc/s10052-013-2610-8",
      eprint         = "1306.1126",
      archivePrefix  = "arXiv",
      primaryClass   = "hep-ex",
      reportNumber   = "CMS-SMP-12-005, CERN-PH-EP-2013-075",
      SLACcitation   = "%%CITATION = ARXIV:1306.1126;%%"
}
@article{aTGC2,
      author         = "Schael, S. and others",
      title          = "{Electroweak Measurements in Electron-Positron Collisions
                        at W-Boson-Pair Energies at LEP}",
      collaboration  = "DELPHI, OPAL, LEP Electroweak, ALEPH, L3",
      journal        = "Phys. Rept.",
      volume         = "532",
      year           = "2013",
      pages          = "119-244",
      doi            = "10.1016/j.physrep.2013.07.004",
      eprint         = "1302.3415",
      archivePrefix  = "arXiv",
      primaryClass   = "hep-ex",
      reportNumber   = "CERN-PH-EP-2013-022",
      SLACcitation   = "%%CITATION = ARXIV:1302.3415;%%"
}
@article{antikt,
      author         = "Cacciari, M. and Salam, G. P. and Soyez, G.",
      title          = "{The Anti-k(t) jet clustering algorithm}",
      journal        = "JHEP",
      volume         = "04",
      year           = "2008",
      pages          = "063",
      doi            = "10.1088/1126-6708/2008/04/063",
      eprint         = "0802.1189",
      archivePrefix  = "arXiv",
      primaryClass   = "hep-ph",
      reportNumber   = "LPTHE-07-03",
      SLACcitation   = "%%CITATION = ARXIV:0802.1189;%%"
}
@article{antikt2,
      author         = "Cacciari, M. and Salam, G. P. and Soyez, G.",
      title          = "{FastJet User Manual}",
      journal        = "Eur. Phys. J.",
      volume         = "C72",
      year           = "2012",
      pages          = "1896",
      doi            = "10.1140/epjc/s10052-012-1896-2",
      eprint         = "1111.6097",
      archivePrefix  = "arXiv",
      primaryClass   = "hep-ph",
      reportNumber   = "CERN-PH-TH-2011-297",
      SLACcitation   = "%%CITATION = ARXIV:1111.6097;%%"
}
@inproceedings{CAalgo,
      author         = "Wobisch, M. and Wengler, T.",
      title          = "{Hadronization corrections to jet cross-sections in deep
                        inelastic scattering}",
      booktitle      = "{Monte Carlo generators for HERA physics. Proceedings,
                        Workshop, Hamburg, Germany, 1998-1999}",
      url            = "https://inspirehep.net/record/484872/files/arXiv:hep-ph_9907280.pdf",
      year           = "1998",
      pages          = "270-279",
      eprint         = "hep-ph/9907280",
      archivePrefix  = "arXiv",
      primaryClass   = "hep-ph",
      reportNumber   = "PITHA-99-16",
      SLACcitation   = "%%CITATION = HEP-PH/9907280;%%"
}
@techreport{btag,
      title         = "{Identification of b quark jets at the CMS Experiment in
                       the LHC Run 2}",
      institution   = "CERN",
      collaboration = "CMS Collaboration",
      address       = "Geneva",
      number        = "CMS-PAS-BTV-15-001",
      year          = "2016",
      reportNumber  = "CMS-PAS-BTV-15-001",
      url           = "https://cds.cern.ch/record/2138504",
}
@article{topmass,
  title = "{Measurement of the top quark mass using proton-proton data at $\sqrt{(}s)=7$ and 8 TeV}",
  author = {Khachatryan, V. and others},
  collaboration = {CMS Collaboration},
  journal = {Phys. Rev. D},
  volume = {93},
  issue = {7},
  pages = {072004},
  numpages = {37},
  year = {2016},
  month = {Apr},
  publisher = {American Physical Society},
  doi = {10.1103/PhysRevD.93.072004},
  url = {http://link.aps.org/doi/10.1103/PhysRevD.93.072004}
}
@article{numassesSMP,
  title = "{Neutrino masses, mixings, and oscillations in SU(2)\ifmmode\times\else\texttimes\fi{}U(1) models of electroweak interactions}",
  author = {Cheng, T. P. and Li, Ling-Fong},
  journal = {Phys. Rev. D},
  volume = {22},
  issue = {11},
  pages = {2860--2868},
  numpages = {0},
  year = {1980},
  month = {dec},
  publisher = {American Physical Society},
  doi = {10.1103/PhysRevD.22.2860},
  url = {http://link.aps.org/doi/10.1103/PhysRevD.22.2860}
}
@article{nu_majorana,
  title = "{Baryon- and Lepton-Nonconserving Processes}",
  author = {Weinberg, S.},
  journal = {Phys. Rev. Lett.},
  volume = {43},
  issue = {21},
  pages = {1566--1570},
  numpages = {0},
  year = {1979},
  month = {nov},
  publisher = {American Physical Society},
  doi = {10.1103/PhysRevLett.43.1566},
  url = {http://link.aps.org/doi/10.1103/PhysRevLett.43.1566}
}
@article{numasses2,
      author         = "Spergel, D. N. and others",
      title          = "{First year Wilkinson Microwave Anisotropy Probe (WMAP)
                        observations: Determination of cosmological parameters}",
      collaboration  = "WMAP",
      journal        = "ApJ Suppl.",
      volume         = "148",
      year           = "2003",
      pages          = "175-194",
      doi            = "10.1086/377226",
      eprint         = "astro-ph/0302209",
      archivePrefix  = "arXiv",
      primaryClass   = "astro-ph",
      SLACcitation   = "%%CITATION = ASTRO-PH/0302209;%%"
}
@Article{numasses1,
author="Kraus, Ch. and others",
title="{Final results from phase II of the Mainz neutrino mass search in tritium $\beta$ decay}",
journal="The European Physical Journal C - Particles and Fields",
year="2005",
volume="40",
number="4",
pages="447--468",
doi="10.1140/epjc/s2005-02139-7",
url="http://dx.doi.org/10.1140/epjc/s2005-02139-7"
}
@article{nuoszi1,
  author={Cleveland, B. T. and others},
  title="{Measurement of the Solar Electron Neutrino Flux with the Homestake Chlorine Detector}",
  journal={ApJ},
  volume={496},
  number={1},
  pages={505},
  url={http://stacks.iop.org/0004-637X/496/i=1/a=505},
  year={1998},
}
@article{nuoszi2,
  title = "{Indications of Neutrino Oscillation in a 250 km Long-Baseline Experiment}",
  author = {Ahn, M. H. and others},
  journal = {Phys. Rev. Lett.},
  volume = {90},
  issue = {4},
  pages = {041801},
  numpages = {5},
  year = {2003},
  month = {Jan},
  publisher = {American Physical Society},
  doi = {10.1103/PhysRevLett.90.041801},
  url = {http://link.aps.org/doi/10.1103/PhysRevLett.90.041801}
}
@article{nuoszi3,
  title = "{Evidence for Oscillation of Atmospheric Neutrinos}",
  author = {Fukuda, Y. and others},
  collaboration = {Super-Kamiokande Collaboration},
  journal = {Phys. Rev. Lett.},
  volume = {81},
  issue = {8},
  pages = {1562--1567},
  numpages = {0},
  year = {1998},
  month = {Aug},
  publisher = {American Physical Society},
  doi = {10.1103/PhysRevLett.81.1562},
  url = {http://link.aps.org/doi/10.1103/PhysRevLett.81.1562}
}
@article{nuoszi4,
  title = "{Direct Evidence for Neutrino Flavor Transformation from Neutral-Current Interactions in the Sudbury Neutrino Observatory}",
  author = {Ahmad, Q. R. and others},
  collaboration = {SNO Collaboration},
  journal = {Phys. Rev. Lett.},
  volume = {89},
  issue = {1},
  pages = {011301},
  numpages = {6},
  year = {2002},
  month = {Jun},
  publisher = {American Physical Society},
  doi = {10.1103/PhysRevLett.89.011301},
  url = {http://link.aps.org/doi/10.1103/PhysRevLett.89.011301}
}
@article{tgc_lagrangian,
title = "{Probing the weak boson sector in e+e−→W+W−}",
journal = "Nuclear Physics B",
volume = "282",
number = "",
pages = "253 - 307",
year = "1987",
note = "",
doi = "http://dx.doi.org/10.1016/0550-3213(87)90685-7",
url = "http://www.sciencedirect.com/science/article/pii/0550321387906857",
author = "Hagiwara, K. and Peccei, R.D. and Zeppenfeld, D. and Hikasa, K.",
}
@article{pauli,
  title = "{The Connection Between Spin and Statistics}",
  author = {Pauli, W.},
  journal = {Phys. Rev.},
  volume = {58},
  issue = {8},
  pages = {716--722},
  numpages = {0},
  year = {1940},
  month = {oct},
  publisher = {American Physical Society},
  doi = {10.1103/PhysRev.58.716},
  url = {http://link.aps.org/doi/10.1103/PhysRev.58.716}
}
@article{SMmasses,
      author         = "Patrignani, C.",
      title          = "{Review of Particle Physics}",
      journal        = "Chin. Phys.",
      volume         = "C40",
      year           = "2016",
      number         = "10",
      pages          = "100001",
      doi            = "10.1088/1674-1137/40/10/100001",
      SLACcitation   = "%%CITATION = CHPHD,C40,100001;%%"
}
@article{cms_higgsdiscov,
      author         = "Chatrchyan, S. and others",
      title          = "{Observation of a new boson at a mass of 125 GeV with the
                        CMS experiment at the LHC}",
      collaboration  = "CMS",
      journal        = "Phys. Lett.",
      volume         = "B716",
      year           = "2012",
      pages          = "30-61",
      doi            = "10.1016/j.physletb.2012.08.021",
      eprint         = "1207.7235",
      archivePrefix  = "arXiv",
      primaryClass   = "hep-ex",
      reportNumber   = "CMS-HIG-12-028, CERN-PH-EP-2012-220",
      SLACcitation   = "%%CITATION = ARXIV:1207.7235;%%"
}
@article{atlas_higgsdiscov,
      author         = "Aad, G. and others",
      title          = "{Observation of a new particle in the search for the
                        Standard Model Higgs boson with the ATLAS detector at the
                        LHC}",
      collaboration  = "ATLAS",
      journal        = "Phys. Lett.",
      volume         = "B716",
      year           = "2012",
      pages          = "1-29",
      doi            = "10.1016/j.physletb.2012.08.020",
      eprint         = "1207.7214",
      archivePrefix  = "arXiv",
      primaryClass   = "hep-ex",
      reportNumber   = "CERN-PH-EP-2012-218",
      SLACcitation   = "%%CITATION = ARXIV:1207.7214;%%"
}
@article{EFT,
title = "{Effective field theory: A modern approach to anomalous couplings}",
journal = "Annals of Physics",
volume = "335",
number = "",
pages = "21 - 32",
year = "2013",
note = "",
doi = "http://dx.doi.org/10.1016/j.aop.2013.04.016",
url = "http://www.sciencedirect.com/science/article/pii/S0003491613000894",
author = "Degrande, C. and others"
}
@article{EFTparam,
  title = "{Low energy effects of new interactions in the electroweak boson sector}",
  author = {Hagiwara, K. and others},
  journal = {Phys. Rev. D},
  volume = {48},
  issue = {5},
  pages = {2182--2203},
  numpages = {0},
  year = {1993},
  month = {Sep},
  publisher = {American Physical Society},
  doi = {10.1103/PhysRevD.48.2182},
  url = {http://link.aps.org/doi/10.1103/PhysRevD.48.2182}
}
@ARTICLE{rotcurves,
   author = {{Rubin}, V.~C. and {Ford}, Jr., W.~K.},
    title = "{Rotation of the Andromeda Nebula from a Spectroscopic Survey of Emission Regions}",
  journal = {ApJ},
     year = 1970,
    month = feb,
   volume = 159,
    pages = {379},
      doi = {10.1086/150317},
   adsurl = {http://adsabs.harvard.edu/abs/1970ApJ...159..379R},
  adsnote = {Provided by the SAO/NASA Astrophysics Data System}
}
@ARTICLE{rotcurvesfig,
   author = {{Begeman}, K.~G. and {Broeils}, A.~H. and {Sanders}, R.~H.},
    title = "{Extended rotation curves of spiral galaxies - Dark haloes and modified dynamics}",
  journal = {MNRAS},
 keywords = {Galactic Mass, Galactic Rotation, Mass To Light Ratios, Spiral Galaxies, Dwarf Galaxies, Galactic Structure, Halos},
     year = 1991,
    month = apr,
   volume = 249,
    pages = {523-537},
      doi = {10.1093/mnras/249.3.523},
   adsurl = {http://adsabs.harvard.edu/abs/1991MNRAS.249..523B},
  adsnote = {Provided by the SAO/NASA Astrophysics Data System}
}
@article{noether,
author = {Noether, E.},
journal = {Nachrichten von der Gesellschaft der Wissenschaften zu Göttingen, Mathematisch-Physikalische Klasse},
pages = {235-257},
title = "{Invariante Variationsprobleme}",
url = {http://eudml.org/doc/59024},
volume = {1918},
year = {1918},
}
@book{peskin,
   title = "{An introduction to quantum field theory}",
   author = "Peskin, M. E. and Schroeder, D. V.",
   series = "Advanced book program",
   publisher = "Westview Press Reading (Mass.)",
   address = "Boulder (Colo.)",
   url = "http://opac.inria.fr/record=b1131978",
   isbn = "0-201-50936-2",
   note = "Autre tirage : 1997",
   year = 1995
}
@book{mandl,
  title="{Quantum Field Theory}",
  author={Mandl, F. and Shaw, G.},
  isbn={9780471496830},
  lccn={2010000255},
  series={A Wiley-Interscience publication},
  url={https://books.google.de/books?id=Ef4zDW1V2LkC},
  year={2010},
  publisher={John Wiley \& Sons}
}
@book{povh,
  title="{Teilchen und Kerne. Eine Einf{\"u}hrung in die physikalischen Konzepte.}",
  author={Povh, B. and others},
  isbn={978-3-642-37821-8},
  series={Physics and astronomy online library},
  url={https://books.google.de/books?id=PIw0leNupPoC},
  year={2004},
  publisher={Springer}
}
@article{HIGGS,
      author         = "Djouadi, A.",
      title          = "{The Anatomy of electro-weak symmetry breaking. I: The
                        Higgs boson in the standard model}",
      journal        = "Phys. Rept.",
      volume         = "457",
      year           = "2008",
      pages          = "1-216",
      doi            = "10.1016/j.physrep.2007.10.004",
      eprint         = "hep-ph/0503172",
      archivePrefix  = "arXiv",
      primaryClass   = "hep-ph",
      reportNumber   = "LPT-ORSAY-05-17",
      SLACcitation   = "%%CITATION = HEP-PH/0503172;%%"
}
@article{wu,
  title = "{Experimental Test of Parity Conservation in Beta Decay}",
  author = {Wu, C. S. and others},
  journal = {Phys. Rev.},
  volume = {105},
  issue = {4},
  pages = {1413--1415},
  numpages = {0},
  year = {1957},
  month = {Feb},
  publisher = {American Physical Society},
  doi = {10.1103/PhysRev.105.1413},
  url = {http://link.aps.org/doi/10.1103/PhysRev.105.1413}
}
@article{CP,
  title = "{Evidence for the $2\ensuremath{\pi}$ Decay of the $K_{2}^{0}$ Meson}",
  author = {Christenson, J. H. and others},
  journal = {Phys. Rev. Lett.},
  volume = {13},
  issue = {4},
  pages = {138--140},
  numpages = {0},
  year = {1964},
  month = {Jul},
  publisher = {American Physical Society},
  doi = {10.1103/PhysRevLett.13.138},
  url = {http://link.aps.org/doi/10.1103/PhysRevLett.13.138}
}
@article{sakharov,
  author={Sakharov, A. D.},
  title="{Violation of CP invariance, C asymmetry, and baryon asymmetry of the universe}",
  journal={Soviet Physics Uspekhi},
  volume={34},
  number={5},
  pages={392},
  url={http://stacks.iop.org/0038-5670/34/i=5/a=A08},
  year={1991},
  abstract={}
}
@article{higgsmech,
  title = "{Broken Symmetry and the Mass of Gauge Vector Mesons}",
  author = {Englert, F. and Brout, R.},
  journal = {Phys. Rev. Lett.},
  volume = {13},
  issue = {9},
  pages = {321--323},
  numpages = {0},
  year = {1964},
  month = {Aug},
  publisher = {American Physical Society},
  doi = {10.1103/PhysRevLett.13.321},
  url = {http://link.aps.org/doi/10.1103/PhysRevLett.13.321}
}
@inproceedings{higgspot,
      author         = "de Boer, W.",
      title          = "{The Discovery of the Higgs Boson with the CMS Detector
                        and its Implications for Supersymmetry and Cosmology}",
      booktitle      = "{Time and Matter 2013 (TAM2013) Venice, Italy}",
      collaboration  = "CMS",
      url            = "https://inspirehep.net/record/1252561/files/arXiv:1309.0721.pdf",
      year           = "2013",
      eprint         = "1309.0721",
      archivePrefix  = "arXiv",
      primaryClass   = "hep-ph",
      SLACcitation   = "%%CITATION = ARXIV:1309.0721;%%"
}
@article{xdimensions,
      author         = "Oliveira, Alexandra",
      title          = "{Gravity particles from Warped Extra Dimensions,
                        predictions for LHC}",
      year           = "2014",
      eprint         = "1404.0102",
      archivePrefix  = "arXiv",
      primaryClass   = "hep-ph",
      SLACcitation   = "%%CITATION = ARXIV:1404.0102;%%"
}
@article{sterilenu,
  title = "{Sterile neutrinos as dark matter}",
  author = {Dodelson, Scott and Widrow, Lawrence M.},
  journal = {Phys. Rev. Lett.},
  volume = {72},
  issue = {1},
  pages = {17--20},
  numpages = {0},
  year = {1994},
  month = {Jan},
  publisher = {American Physical Society},
  doi = {10.1103/PhysRevLett.72.17},
  url = {http://link.aps.org/doi/10.1103/PhysRevLett.72.17}
}
@techreport{LHCB,
      author        = "Adeva, B. and others",
      title         = "{Road map for selected key measurements from LHCb}",
      institution   = "CERN",
      collaboration = "LHCb Collaboration",
      address       = "Geneva",
      number        = "LHCb-PUB-2009-029. CERN-LHCb-PUB-2009-029",
      month         = "May",
      year          = "2010",
      reportNumber  = "LHCb-PUB-2009-029",
      url           = "https://cds.cern.ch/record/1224241",
      note          = "Comments: 379 pages",
}
@article{ALICE,
  author={The ALICE Collaboration and others},
  title="{The ALICE experiment at the CERN LHC}",
  journal={Journal of Instrumentation},
  volume={3},
  number={08},
  pages={S08002},
  url={http://stacks.iop.org/1748-0221/3/i=08/a=S08002},
  year={2008},
}
@unpublished{lhc_fig,
      author        = "Lefèvre, C.",
      title         = "{The CERN accelerator complex. Complexe des
                       accélérateurs du CERN}",
      month         = "Dec",
      year          = "2008",
      reportNumber  = "CERN-DI-0812015",
      url           = "https://cds.cern.ch/record/1260465",
}
@article{lhc_machine,
      author        = "Evans, L. R. and Bryant, P.",
      title         = "{LHC Machine}",
      journal       = "J. Instrum.",
      volume        = "3",
      pages         = "S08001. 164 p",
      year          = "2008",
      url           = "http://cds.cern.ch/record/1129806",
      note          = "This report is an abridged version of the LHC Design
                       Report (CERN-2004-003)",
}
@online{cms_slice,
	title	    = "{Interactive Slice of the CMS detector}",
	year	    = 2010,
	url	    = "https:://cms-docdb.cern.ch/cgi-bin/PublicDocDB/RetrieveFile?docid=4172&filename=CMS_Slice.gif&version=2",
 	urldate     = {2016-11-11}
}
@techreport{tevatron,
      title         = "{Design Report Tevatron 1 project}",
      number        = "FERMILAB-DESIGN-1984-01",
      year          = "1984",
      reportNumber  = "FERMILAB-DESIGN-1984-01",
      url           = "https://cds.cern.ch/record/1478620",
}
@book{cms_design,
      author        = "Bayatian, G. L. and others",
      title         = "{CMS Physics: Technical Design Report Volume 1: Detector
                       Performance and Software}",
      publisher     = "CERN",
      collaboration = "CMS Collaboration",
      address       = "Geneva",
      series        = "Technical Design Report CMS",
      year          = "2006",
      url           = "http://cds.cern.ch/record/922757",
      note          = "There is an error on cover due to a technical problem for
                       some items",
}
@article{top_detection1,
  title = {Observation of Top Quark Production in $\overline{\mathit{p}}\mathit{p}$ Collisions with the Collider Detector at Fermilab},
  author = {Abe, F. and Akimoto, H. and Akopian, A. and Albrow, M. G. and Amendolia, S. R. and Amidei, D. and Antos, J. and Anway-Wiese, C. and Aota, S. and Apollinari, G. and Asakawa, T. and Ashmanskas, W. and Atac, M. and Auchincloss, P. and Azfar, F. and Azzi-Bacchetta, P. and Bacchetta, N. and Badgett, W. and Bagdasarov, S. and Bailey, M. W. and Bao, J. and de Barbaro, P. and Barbaro-Galtieri, A. and Barnes, V. E. and Barnett, B. A. and Bartalini, P. and Bauer, G. and Baumann, T. and Bedeschi, F. and Behrends, S. and Belforte, S. and Bellettini, G. and Bellinger, J. and Benjamin, D. and Benlloch, J. and Bensinger, J. and Benton, D. and Beretvas, A. and Berge, J. P. and Bertolucci, S. and Bhatti, A. and Biery, K. and Binkley, M. and Bisello, D. and Blair, R. E. and Blocker, C. and Bodek, A. and Bokhari, W. and Bolognesi, V. and Bortoletto, D. and Boudreau, J. and Brandenburg, G. and Breccia, L. and Bromberg, C. and Buckley-Geer, E. and Budd, H. S. and Burkett, K. and Busetto, G. and Byon-Wagner, A. and Byrum, K. L. and Cammerata, J. and Campagnari, C. and Campbell, M. and Caner, A. and Carithers, W. and Carlsmith, D. and Castro, A. and Cauz, G. and Cen, Y. and Cervelli, F. and Chao, H. Y. and Chapman, J. and Cheng, M.-T. and Chiarelli, G. and Chikamatsu, T. and Chiou, C. N. and Christofek, L. and Cihangir, S. and Clark, A. G. and Cobal, M. and Contreras, M. and Conway, J. and Cooper, J. and Cordelli, M. and Couyoumtzelis, C. and Crane, D. and Cronin-Hennessy, D. and Culbertson, R. and Cunningham, J. D. and Daniels, T. and DeJongh, F. and Delchamps, S. and Dell'Agnello, S. and Dell'Orso, M. and Demortier, L. and Denby, B. and Deninno, M. and Derwent, P. F. and Devlin, T. and Dickson, M. and Dittmann, J. R. and Donati, S. and Drucker, R. B. and Dunn, A. and Eddy, N. and Einsweiler, K. and Elias, J. E. and Ely, R. and Engels, Jr., E. and Errede, D. and Errede, S. and Fan, Q. and Fiori, I. and Flaugher, B. and Foster, G. W. and Franklin, M. and Frautschi, M. and Freeman, J. and Friedman, J. and Frisch, H. and Fuess, T. A. and Fukui, Y. and Funaki, S. and Gagliardi, G. and Galeotti, S. and Gallinaro, M. and Garcia-Sciveres, M. and Garfinkel, A. F. and Gay, C. and Geer, S. and Gerdes, D. W. and Giannetti, P. and Giokaris, N. and Giromini, P. and Gladney, L. and Glenzinski, D. and Gold, M. and Gonzalez, J. and Gordon, A. and Goshaw, A. T. and Goulianos, K. and Grassmann, H. and Groer, L. and Grosso-Pilcher, C. and Guillian, G. and Guo, R. S. and Haber, C. and Hahn, S. R. and Hamilton, R. and Handler, R. and Hans, R. M. and Hara, K. and Harral, B. and Harris, R. M. and Hauger, S. A. and Hauser, J. and Hawk, C. and Hayashi, E. and Heinrich, J. and Hohlmann, M. and Holck, C. and Hollebeek, R. and Holloway, L. and H\"olscher, A. and Hong, S. and Houk, G. and Hu, P. and Huffman, B. T. and Hughes, R. and Huston, J. and Huth, J. and Hylen, J. and Ikeda, H. and Incagli, M. and Incandela, J. and Iwai, J. and Iwata, Y. and Jensen, H. and Joshi, U. and Kadel, R. W. and Kajfasz, E. and Kamon, T. and Kaneko, T. and Karr, K. and Kasha, H. and Kato, Y. and Keeble, L. and Kelley, K. and Kennedy, R. D. and Kephart, R. and Kesten, P. and Kestenbaum, D. and Keup, R. M. and Keutelian, H. and Keyvan, F. and Kim, B. J. and Kim, D. H. and Kim, H. S. and Kim, S. B. and Kim, S. H. and Kim, Y. K. and Kirsch, L. and Koehn, P. and Kondo, K. and Konigsberg, J. and Kopp, S. and Kordas, K. and Koska, W. and Kovacs, E. and Kowald, W. and Krasberg, M. and Kroll, J. and Kruse, M. and Kuwabara, T. and Kuhlmann, S. E. and Kuns, E. and Laasanen, A. T. and Labanca, N. and Lammel, S. and Lamoureux, J. I. and LeCompte, T. and Leone, S. and Lewis, J. D. and Limon, P. and Lindgren, M. and Liss, T. M. and Lockyer, N. and Long, O. and Loomis, C. and Loreti, M. and Lu, J. and Lucchesi, D. and Lukens, P. and Lusin, S. and Lys, J. and Maeshima, K. and Maghakian, A. and Maksimovic, P. and Mangano, M. and Mansour, J. and Mariotti, M. and Marriner, J. P. and Martin, A. and Matthews, J. A. J. and Mattingly, R. and McIntyre, P. and Melese, P. and Menzione, A. and Meschi, E. and Metzler, S. and Miao, C. and Michail, G. and Mikamo, S. and Miller, R. and Minato, H. and Miscetti, S. and Mishina, M. and Mitsushio, H. and Miyamoto, T. and Miyashita, S. and Morita, Y. and Mueller, J. and Mukherjee, A. and Muller, T. and Murat, P. and Nakada, H. and Nakano, I. and Nelson, C. and Neuberger, D. and Newman-Holmes, C. and Ninomiya, M. and Nodulman, L. and Ogawa, S. and Oh, S. H. and Ohl, K. E. and Ohmoto, T. and Ohsugi, T. and Oishi, R. and Okabe, M. and Okusawa, T. and Oliver, R. and Olsen, J. and Pagliarone, C. and Paoletti, R. and Papadimitriou, V. and Pappas, S. P. and Park, S. and Patrick, J. and Pauletta, G. and Paulini, M. and Pescara, L. and Peters, M. D. and Phillips, T. J. and Piacentino, G. and Pillai, M. and Pitts, K. T. and Plunkett, R. and Pondrom, L. and Proudfoot, J. and Ptohos, F. and Punzi, G. and Ragan, K. and Ribon, A. and Rimondi, F. and Ristori, L. and Robertson, W. J. and Rodrigo, T. and Romano, J. and Rosenson, L. and Roser, R. and Sakumoto, W. K. and Saltzberg, D. and Sansoni, A. and Santi, L. and Sato, H. and Scarpine, V. and Schlabach, P. and Schmidt, E. E. and Schmidt, M. P. and Sciacca, G. F. and Scribano, A. and Segler, S. and Seidel, S. and Seiya, Y. and Sganos, G. and Sgolacchia, A. and Shapiro, M. D. and Shaw, N. M. and Shen, Q. and Shepard, P. F. and Shimojima, M. and Shochet, M. and Siegrist, J. and Sill, A. and Sinervo, P. and Singh, P. and Skarha, J. and Sliwa, K. and Smith, D. A. and Snider, F. D. and Song, T. and Spalding, J. and Sphicas, P. and Spiegel, L. and Spies, A. and Stanco, L. and Steele, J. and Stefanini, A. and Strahl, K. and Strait, J. and Stuart, D. and Sullivan, G. and Soumarokov, A. and Sumorok, K. and Suzuki, J. and Takada, T. and Takahashi, T. and Takano, T. and Takikawa, K. and Tamura, N. and Tartarelli, F. and Taylor, W. and Teng, P. K. and Teramoto, Y. and Tether, S. and Theriot, D. and Thomas, T. L. and Thun, R. and Timko, M. and Tipton, P. and Titov, A. and Tkaczyk, S. and Toback, D. and Tollefson, K. and Tollestrup, A. and Tonnison, J. and de Troconiz, J. F. and Truitt, S. and Tseng, J. and Turini, N. and Uchida, T. and Uemura, N. and Ukegawa, F. and Unal, G. and van den Brink, S. C. and Vejcik III, S. and Velev, G. and Vidal, R. and Vondracek, M. and Vucinic, D. and Wagner, R. G. and Wagner, R. L. and Wahl, J. and Walker, R. C. and Wang, C. and Wang, C. H. and Wang, G. and Wang, J. and Wang, M. J. and Wang, Q. F. and Warburton, A. and Watts, G. and Watts, T. and Webb, R. and Wei, C. and Wendt, C. and Wenzel, H. and Wester III, W. C. and Wicklund, A. B. and Wicklund, E. and Wilkinson, R. and Williams, H. H. and Wilson, P. and Winer, B. L. and Wolinski, D. and Wolinski, J. and Wu, X. and Wyss, J. and Yagil, A. and Yao, W. and Yasuoka, K. and Ye, Y. and Yeh, G. P. and Yeh, P. and Yin, M. and Yoh, J. and Yosef, C. and Yoshida, T. and Yovanovitch, D. and Yu, I. and Yun, J. C. and Zanetti, A. and Zetti, F. and Zhang, L. and Zhang, W. and Zucchelli, S.},
  collaboration = {CDF Collaboration},
  journal = {Phys. Rev. Lett.},
  volume = {74},
  issue = {14},
  pages = {2626--2631},
  numpages = {0},
  year = {1995},
  month = {Apr},
  publisher = {American Physical Society},
  doi = {10.1103/PhysRevLett.74.2626},
  url = {http://link.aps.org/doi/10.1103/PhysRevLett.74.2626}
}
@article{top_detection2,
  title = {Observation of the Top Quark},
  author = {Abachi, S. and Abbott, B. and Abolins, M. and Acharya, B. S. and Adam, I. and Adams, D. L. and Adams, M. and Ahn, S. and Aihara, H. and Alitti, J. and \'Alvarez, G. and Alves, G. A. and Amidi, E. and Amos, N. and Anderson, E. W. and Aronson, S. H. and Astur, R. and Avery, R. E. and Baden, A. and Balamurali, V. and Balderston, J. and Baldin, B. and Bantly, J. and Bartlett, J. F. and Bazizi, K. and Bendich, J. and Beri, S. B. and Bertram, I. and Bezzubov, V. A. and Bhat, P. C. and Bhatnagar, V. and Bhattacharjee, M. and Bischoff, A. and Biswas, N. and Blazey, G. and Blessing, S. and Boehnlein, A. and Bojko, N. I. and Borcherding, F. and Borders, J. and Boswell, C. and Brandt, A. and Brock, R. and Bross, A. and Buchholz, D. and Burtovoi, V. S. and Butler, J. M. and Casey, D. and Castilla-Valdez, H. and Chakraborty, D. and Chang, S.-M. and Chekulaev, S. V. and Chen, L.-P. and Chen, W. and Chevalier, L. and Chopra, S. and Choudhary, B. C. and Christenson, J. H. and Chung, M. and Claes, D. and Clark, A. R. and Cobau, W. G. and Cochran, J. and Cooper, W. E. and Cretsinger, C. and Cullen-Vidal, D. and Cummings, M. and Cutts, D. and Dahl, O. I. and De, K. and Demarteau, M. and Demina, R. and Denisenko, K. and Denisenko, N. and Denisov, D. and Denisov, S. P. and Dharmaratna, W. and Diehl, H. T. and Diesburg, M. and Di Loreto, G. and Dixon, R. and Draper, P. and Drinkard, J. and Ducros, Y. and Dugad, S. R. and Durston-Johnson, S. and Edmunds, D. and Efimov, A. O. and Ellison, J. and Elvira, V. D. and Engelmann, R. and Eno, S. and Eppley, G. and Ermolov, P. and Eroshin, O. V. and Evdokimov, V. N. and Fahey, S. and Fahland, T. and Fatyga, M. and Fatyga, M. K. and Featherly, J. and Feher, S. and Fein, D. and Ferbel, T. and Finocchiaro, G. and Fisk, H. E. and Fisyak, Yu. and Flattum, E. and Forden, G. E. and Fortner, M. and Frame, K. C. and Franzini, P. and Fredriksen, S. and Fuess, S. and Galjaev, A. N. and Gallas, E. and Gao, C. S. and Gao, S. and Geld, T. L. and Genik II, R. J. and Genser, K. and Gerber, C. E. and Gibbard, B. and Glaubman, M. and Glebov, V. and Glenn, S. and Glicenstein, J. F. and Gobbi, B. and Goforth, M. and Goldschmidt, A. and Gomez, B. and Goncharov, P. I. and Gordon, H. and Goss, L. T. and Graf, N. and Grannis, P. D. and Green, D. R. and Green, J. and Greenlee, H. and Griffin, G. and Grossman, N. and Grudberg, P. and Gr\"unendahl, S. and Guida, J. A. and Guida, J. M. and Guryn, W. and Gurzhiev, S. N. and Gutnikov, Y. E. and Hadley, N. J. and Haggerty, H. and Hagopian, S. and Hagopian, V. and Hahn, K. S. and Hall, R. E. and Hansen, S. and Hatcher, R. and Hauptman, J. M. and Hedin, D. and Heinson, A. P. and Heintz, U. and Hernandez-Montoya, R. and Heuring, T. and Hirosky, R. and Hobbs, J. D. and Hoeneisen, B. and Hoftun, J. S. and Hsieh, F. and Hu, Ting and Hu, Tong and Huehn, T. and Igarashi, S. and Ito, A. S. and James, E. and Jaques, J. and Jerger, S. A. and Jiang, J. Z.-Y. and Joffe-Minor, T. and Johari, H. and Johns, K. and Johnson, M. and Johnstad, H. and Jonckheere, A. and J\"ostlein, H. and Jun, S. Y. and Jung, C. K. and Kahn, S. and Kang, J. S. and Kehoe, R. and Kelly, M. and Kernan, A. and Kerth, L. and Kim, C. L. and Kim, S. K. and Klatchko, A. and Klima, B. and Klochkov, B. I. and Klopfenstein, C. and Klyukhin, V. I. and Kochetkov, V. I. and Kohli, J. M. and Koltick, D. and Kostritskiy, A. V. and Kotcher, J. and Kourlas, J. and Kozelov, A. V. and Kozlovski, E. A. and Krishnaswamy, M. R. and Krzywdzinski, S. and Kunori, S. and Lami, S. and Landsberg, G. and Lanou, R. E. and Lebrat, J-F. and Lee-Franzini, J. and Leflat, A. and Li, H. and Li, J. and Li, Y. K. and Li-Demarteau, Q. Z. and Lima, J. G. R. and Lincoln, D. and Linn, S. L. and Linnemann, J. and Lipton, R. and Liu, Y. C. and Lobkowicz, F. and Loken, S. C. and L\"ok\"os, S. and Lueking, L. and Lyon, A. L. and Maciel, A. K. A. and Madaras, R. J. and Madden, R. and Mandrichenko, I. V. and Mangeot, Ph. and Mani, S. and Mansouli\'e, B. and Mao, H. S. and Margulies, S. and Markeloff, R. and Markosky, L. and Marshall, T. and Martin, M. I. and Marx, M. and May, B. and Mayorov, A. A. and McCarthy, R. and McKibben, T. and McKinley, J. and Melanson, H. L. and de Mello Neto, J. R. T. and Merritt, K. W. and Miettinen, H. and Milder, A. and Milner, C. and Mincer, A. and de Miranda, J. M. and Mishra, C. S. and Mohammadi-Baarmand, M. and Mokhov, N. and Mondal, N. K. and Montgomery, H. E. and Mooney, P. and Mudan, M. and Murphy, C. and Murphy, C. T. and Nang, F. and Narain, M. and Narasimham, V. S. and Narayanan, A. and Neal, H. A. and Negret, J. P. and Neis, E. and Nemethy, P. and Ne\ifmmode \check{s}\else \v{s}\fi{}i\ifmmode \acute{c}\else \'{c}\fi{}, D. and Norman, D. and Oesch, L. and Oguri, V. and Oltman, E. and Oshima, N. and Owen, D. and Padley, P. and Pang, M. and Para, A. and Park, C. H. and Park, Y. M. and Partridge, R. and Parua, N. and Paterno, M. and Perkins, J. and Peryshkin, A. and Peters, M. and Piekarz, H. and Pischalnikov, Y. and Pluquet, A. and Podstavkov, V. M. and Pope, B. G. and Prosper, H. B. and Protopopescu, S. and Pu\ifmmode \check{s}\else \v{s}\fi{}elji\ifmmode \acute{c}\else \'{c}\fi{}, D. and Qian, J. and Quintas, P. Z. and Raja, R. and Rajagopalan, S. and Ramirez, O. and Rao, M. V. S. and Rapidis, P. A. and Rasmussen, L. and Read, A. L. and Reucroft, S. and Rijssenbeek, M. and Rockwell, T. and Roe, N. A. and Roldan, J. M. R. and Rubinov, P. and Ruchti, R. and Rusin, S. and Rutherfoord, J. and Santoro, A. and Sawyer, L. and Schamberger, R. D. and Schellman, H. and Schmid, D. and Sculli, J. and Shabalina, E. and Shaffer, C. and Shankar, H. C. and Shivpuri, R. K. and Shupe, M. and Singh, J. B. and Sirotenko, V. and Smart, W. and Smith, A. and Smith, R. P. and Snihur, R. and Snow, G. R. and Snyder, S. and Solomon, J. and Sood, P. M. and Sosebee, M. and Souza, M. and Spadafora, A. L. and Stephens, R. W. and Stevenson, M. L. and Stewart, D. and Stocker, F. and Stoianova, D. A. and Stoker, D. and Streets, K. and Strovink, M. and Taketani, A. and Tamburello, P. and Tarazi, J. and Tartaglia, M. and Taylor, T. L. and Teiger, J. and Thompson, J. and Trippe, T. G. and Tuts, P. M. and Varelas, N. and Varnes, E. W. and Virador, P. R. G. and Vititoe, D. and Volkov, A. A. and von Goeler, E. and Vorobiev, A. P. and Wahl, H. D. and Wang, J. and Wang, L. Z. and Warchol, J. and Wayne, M. and Weerts, H. and Wenzel, W. A. and White, A. and White, J. T. and Wightman, J. A. and Wilcox, J. and Willis, S. and Wimpenny, S. J. and Wirjawan, J. V. D. and Wolf, Z. and Womersley, J. and Won, E. and Wood, D. R. and Xu, H. and Yamada, R. and Yamin, P. and Yanagisawa, C. and Yang, J. and Yasuda, T. and Yoshikawa, C. and Youssef, S. and Yu, J. and Yu, Y. and Zhang, Y. and Zhou, Y. H. and Zhu, Q. and Zhu, Y. S. and Zhu, Z. H. and Zieminska, D. and Zieminski, A. and Zinchenko, A. and Zylberstejn, A.},
  collaboration = {D0 Collaboration},
  journal = {Phys. Rev. Lett.},
  volume = {74},
  issue = {14},
  pages = {2632--2637},
  numpages = {0},
  year = {1995},
  month = {Apr},
  publisher = {American Physical Society},
  doi = {10.1103/PhysRevLett.74.2632},
  url = {http://link.aps.org/doi/10.1103/PhysRevLett.74.2632}
}
@article{tau_nu_detection,
title = "Observation of tau neutrino interactions ",
journal = "Physics Letters B ",
volume = "504",
number = "3",
pages = "218 - 224",
year = "2001",
note = "",
issn = "0370-2693",
doi = "http://dx.doi.org/10.1016/S0370-2693(01)00307-0",
url = "http://www.sciencedirect.com/science/article/pii/S0370269301003070",
author = "K. Kodama and N. Ushida and C. Andreopoulos and N. Saoulidou and G. Tzanakos and P. Yager and B. Baller and D. Boehnlein and W. Freeman and B. Lundberg and J. Morfin and R. Rameika and J.C. Yun and J.S. Song and C.S. Yoon and S.H. Chung and P. Berghaus and M. Kubantsev and N.W. Reay and R. Sidwell and N. Stanton and S. Yoshida and S. Aoki and T. Hara and J.T. Rhee and D. Ciampa and C. Erickson and M. Graham and K. Heller and R. Rusack and R. Schwienhorst and J. Sielaff and J. Trammell and J. Wilcox and K. Hoshino and H. Jiko and M. Miyanishi and M. Komatsu and M. Nakamura and T. Nakano and K. Niwa and N. Nonaka and K. Okada and O. Sato and T. Akdogan and V. Paolone and C. Rosenfeld and A. Kulik and T. Kafka and W. Oliver and T. Patzak and J. Schneps"
}